@string{jgr = "J.~Geophys.~Res."}

@ARTICLE{cm100k,
   AUTHOR  = {Rocio Ca√±amares and Pablo Castells},
   TITLE   = {Should I Follow the Crowd? A Probabilistic Analysis of the Effectiveness of Popularity in Recommender Systems},
   journal = {41st Annual International ACM SIGIR Conference on Research and Development in Information Retrieval (SIGIR 2018)},
   YEAR    = {2018},
   MONTH = {July},
   note = "\href{http://ir.ii.uam.es/pubs/sigir2018.pdf}{(Enlace)}"
}

@ARTICLE{movieLens,
   AUTHOR  = {F. Maxwell Harper and Joseph A. Konstan.},
   TITLE   = {The MovieLens Datasets: History and Context.},
   journal = {ACM Transactions on Interactive Intelligent Systems (TiiS) 5, 4,
Article 19},
   YEAR    = {2015},
   MONTH = {December},
   note = "\href{http://dx.doi.org/10.1145/2827872}{(Enlace)}"
}

@MISC{webMovieLens,
   note = "\href{http://www.movielens.org/}{Sitio web MovieLens}"
   }

@Article{Narendra1990,
  author =       {K.S.Narendra and K.Parthsarathy},
  title =        {Identification and Control of Dynamical System
                  using Neural Networks},
  journal =      "IEENN",
  year =         {1990},
  volume =    {1},
  number =    {1},
  month =     {},
  pages =     {4-27},
  annote =    {},
  note = "\href{kk.pdf}{Download}"
}

