@article{Graves1999,
author = {Graves, T O John T and Wilkins, David R and Corr, M},
file = {:C$\backslash$:/Users/danie/Documents/GitHub/TFG{\_}EPS{\_}DSS/Memoria/tfgtfmthesisuam/PDF{\_}BB/OnQuat.pdf:pdf},
journal = {Philosophical Magazine},
number = {1844},
title = {{COPY OF A LETTER FROM SIR WILLIAM R . HAMILTON On Quaternions ; or on a new System of Imaginaries in Algebra . By Sir}},
volume = {25},
year = {1999}
}
