Automatically generated by Mendeley Desktop 1.19.4
Any changes to this file will be lost if it is regenerated by Mendeley.

BibTeX export options can be customized via Options -> BibTeX in Mendeley Desktop

@misc{InvenSense2016,
author = {InvenSense},
booktitle = {Product Specification},
doi = {PS-MPU-9250A-01},
file = {:C$\backslash$:/Users/danie/Documents/GitHub/TFG{\_}EPS{\_}DSS/Memoria/tfgtfmthesisuam/datasheets/PS-MPU-9250A-01-v1.1.pdf:pdf},
number = {408},
pages = {1--4},
title = {{MPU9250 Product Specification Revision 1.1}},
volume = {1},
year = {2016}
}
@unpublished{btxhak,
annote = {The part of BibTeX's documentation
that's not meant for general users},
author = {Patashnik, Oren},
title = {{Designing BibTeX Styles}},
year = {1988}
}
@article{Graves1999,
author = {Graves, T O John T and Wilkins, David R and Corr, M},
file = {:C$\backslash$:/Users/danie/Documents/GitHub/TFG{\_}EPS{\_}DSS/Memoria/tfgtfmthesisuam/PDF{\_}BB/OnQuat.pdf:pdf},
journal = {Philosophical Magazine},
number = {1844},
title = {{COPY OF A LETTER FROM SIR WILLIAM R . HAMILTON On Quaternions ; or on a new System of Imaginaries in Algebra . By Sir}},
volume = {25},
year = {1999}
}
@book{texbook,
author = {Knuth, Donald E},
publisher = {Addison-Wesley},
title = {{The {\{}{\{}$\backslash$TeX{\}}book{\}}}},
year = {1984}
}
@misc{Industries,
author = {Industries, Adafruit},
booktitle = {GitHub Code},
title = {{PCA9685 Adafruit}},
url = {https://github.com/adafruit/Adafruit{\_}Python{\_}PCA9685},
urldate = {2019-06-04}
}
@misc{primes,
annote = {A strong form of the prime number theorem, 19th century},
author = {{de la Vall{\'{e}}e Poussin}, Charles Louis Xavier Joseph},
title = {{No Title}},
year = {1879}
}
@book{latexbook,
author = {Lamport, Leslie},
publisher = {Addison-Wesley},
title = {{{\{}$\backslash$LaTeX $\backslash$rm:{\}} {\{}A{\}} Document Preparation System}},
year = {1986}
}
@misc{OscarSerrano,
author = {{Oscar Serrano}},
booktitle = {WebPage},
file = {:C$\backslash$:/Users/danie/Desktop/Variador electr{\'{o}}nico (ESC){\_} Qu{\'{e}} es y c{\'{o}}mo funciona {\_} FpvMax.html:html},
title = {{Variador electr{\'{o}}nico (ESC): Qu{\'{e}} es y c{\'{o}}mo funciona | FpvMax}},
url = {http://fpvmax.com/2016/12/21/variador-electronico-esc-funciona/},
urldate = {2019-06-04}
}
@unpublished{btxdoc,
annote = {Documentation for general BibTeX users},
author = {Patashnik, Oren},
title = {{Using BibTeX}},
year = {1988}
}
@article{Zurek:1993,
annote = {$\backslash$href{\{}http://onlinelibrary.wiley.com/doi/10.1029/92JE02936/abstract{\}}{\{}(Descargar){\}}},
author = {Zurek, R W and Martin, L J},
journal = {J.{\~{}}Geophys.{\~{}}Res.},
number = {E2},
pages = {3247--3259},
title = {{Interannual Variability {\{}OF{\}} planet-encircling dust activity on {\{}M{\}}ars}},
volume = {98},
year = {1993}
}
@article{Narendra1990,
annote = {$\backslash$href{\{}kk.pdf{\}}{\{}Download{\}}},
author = {K.S.Narendra and K.Parthsarathy},
journal = {IEENN},
number = {1},
pages = {4--27},
title = {{Identification and Control of Dynamical System using Neural Networks}},
volume = {1},
year = {1990}
}
@incollection{chicago,
edition = {Thirteenth},
pages = {400--401},
publisher = {University of Chicago Press},
title = {{The Chicago Manual of Style}},
year = {1982}
}
@book{vanleunen,
author = {van Leunen, Mary-Claire},
publisher = {Knopf},
title = {{A Handbook for Scholars}},
year = {1979}
}
@book{strunk,
author = {{Strunk Jr.}, William and White, E B},
edition = {Third},
publisher = {Macmillan},
title = {{The Elements of Style}},
year = {1979}
}
@misc{Eric2017,
author = {Eric},
title = {{No Title}},
url = {http://learningrc.com/rc-communication-protocols/},
urldate = {2019-06-04},
year = {2017}
}
