@book{albrecht2013laser,
  title={Laser Doppler and phase Doppler measurement techniques},
  author={Albrecht, H-E and Damaschke, Nils and Borys, Michael and Tropea, Cameron},
  year={2013},
  publisher={Springer Science \& Business Media}
}
